@inproceedings{Baader2005a,
 author = {Baader, Franz and Brandt, Sebastian and Lutz, Carsten},
 title = {Pushing the \text{EL} Envelope},
 booktitle = {Proceedings of the 19th International Joint Conference on Artificial Intelligence},
 series = {IJCAI'05},
 year = {2005},
 pages = {364--369},
} 

@InCollection{Fin2019b,
  author =       {Marcelo Finger},
  title =        {Extending {EL++} with Linear Constraints on the Probability of Axioms},
  booktitle =    {Description Logic, Theory Combination, and All That},
  booksubtitle=  {Essays Dedicated to Franz Baader on the Occasion of His 60th Birthday},
  OPTcrossref =  {},
  OPTkey =       {},
  publisher = {Springer International Publishing},
  year =      {2019},
  editor =    {Carsten Lutz and Uli Sattler and Cesare Tinelli and Anni-Yasmin Turhan and Frank Wolter},
  volume =    {LLNCS 11560},
  OPTnumber =    {},
  series =    {Theoretical Computer Science and General Issues},
  OPTtype =      {},
  OPTchapter =   {},
  OPTpages =     {},
  OPTedition =   {},
  OPTmonth =     {},
  OPTaddress =   {},
  doi =          {10.1007/978-3-030-22102-7},
  isbn=          {978-3-030-22101-0},
  OPTnote =      {},
  OPTannote =    {}
}

@incollection{eckhoff1993helly,
  title={Helly, Radon, and Carath{\'e}odory type theorems},
  author={Eckhoff, J{\"u}rgen},
  booktitle={Handbook of convex geometry},
  pages={389--448},
  year={1993},
  publisher={Elsevier}
}

@book{bertsimas1997introduction,
  title={Introduction to linear optimization},
  author={Bertsimas, Dimitris and Tsitsiklis, John N},
  volume={6},
  year={1997},
  publisher={Athena Scientific Belmont, MA}
}

@book{bondy1976graph,
  title={Graph theory with applications},
  author={Bondy, John Adrian and Murty, Uppaluri Siva Ramachandra and others},
  volume={290},
  year={1976},
  publisher={Citeseer}
}

@book{boole1854investigation,
  title={An Investigation of the Laws of Thought: On which are Founded the Mathematical Theories of Logic and Probabilities},
  author={Boole, G.},
  lccn={19004068},
  series={Collected logical works},
  url={https://books.google.com.br/books?id=DqwAAAAAcAAJ},
  year={1854},
  publisher={Walton and Maberly}
}

@article{georgakopoulos1988probabilistic,
  title={Probabilistic satisfiability},
  author={Georgakopoulos, George and Kavvadias, Dimitris and Papadimitriou, Christos H},
  journal={Journal of complexity},
  volume={4},
  number={1},
  pages={1--11},
  year={1988},
  publisher={Elsevier}
}

@inproceedings{Finger2011ProbabilisticSL,
  title={Probabilistic Satisfiability: Logic-Based Algorithms and Phase Transition},
  author={Marcelo Finger and Glauber De Bona},
  booktitle={IJCAI},
  year={2011}
}

@article{finger2015probabilistic,
  title={Probabilistic satisfiability: algorithms with the presence and absence of a phase transition},
  author={Finger, Marcelo and De Bona, Glauber},
  journal={Annals of Mathematics and Artificial Intelligence},
  volume={75},
  number={3-4},
  pages={351--389},
  year={2015},
  publisher={Springer}
}

@article{andersen2001easy,
  title={Easy cases of probabilistic satisfiability},
  author={Andersen, Kim Allan and Pretolani, Daniele},
  journal={Annals of Mathematics and Artificial Intelligence},
  volume={33},
  number={1},
  pages={69--91},
  year={2001},
  publisher={Springer}
}


@unpublished{Fin2020,
  author={Marcelo Finger and Andrew Ijano Lopes},
  title={Tractable Probabalistic SAT in Graphic Description Logics},
  note={In preparation}
}

@incollection{heinsohn1994probabilistic,
  title={Probabilistic description logics},
  author={Heinsohn, Jochen},
  booktitle={Uncertainty Proceedings 1994},
  pages={311--318},
  year={1994},
  publisher={Elsevier}
}

@article{lukasiewicz2008expressive,
  title={Expressive probabilistic description logics},
  author={Lukasiewicz, Thomas},
  journal={Artificial Intelligence},
  volume={172},
  number={6-7},
  pages={852--883},
  year={2008},
  publisher={Elsevier}
}

@article{gutierrez2017probabilistic,
  title={Probabilistic description logics for subjective uncertainty},
  author={Guti{\'{e}}rrez-Basulto, V{\'{i}}ctor and Jung, Jean Christoph and Lutz, Carsten and Schr{\"{o}}der, Lutz},
  journal={Journal of Artificial Intelligence Research},
  volume={58},
  pages={1--66},
  year={2017}
}

@InProceedings{GutierrezBasultoEA11,
  author = {Guti{\'{e}}rrez-Basulto, V{\'{i}}ctor and Jung, Jean Christoph and Lutz, Carsten and Schr{\"{o}}der, Lutz},
  title = {A Closer Look at the Probabilistic Description Logic Prob-EL},
  year = {2011},
  editor = {Wolfram Burgard and Dan Roth},
  booktitle = {Proc. 25th Conference on Artificial Intelligence (AAAI-11)},
  publisher = {AAAI Press},
  pages = {197-202},
  keywords = {Probabilistic description logic EL complexity convexity},
}

@article{ceylan2017bayesian,
  title={The Bayesian Ontology Language \text{BEL}},
  author={Ceylan, Ismail Ilkan and Pe{\~{n}}aloza, Rafael},
  journal={Journal of Automated Reasoning},
  volume={58},
  number={1},
  pages={67--95},
  year={2017},
  publisher={Springer}
}

@article{jaumard1987complexity,
  title={On the complexity of the maximum satisfiability problem for Horn formulas},
  author={Jaumard, Brigitte and Simeone, Bruno},
  journal={Information Processing Letters},
  volume={26},
  number={1},
  pages={1--4},
  year={1987},
  publisher={Elsevier}
}

@ARTICLE{2020SciPy-NMeth,
       author = {{Virtanen}, Pauli and {Gommers}, Ralf and {Oliphant},
         Travis E. and {Haberland}, Matt and {Reddy}, Tyler and
         {Cournapeau}, David and {Burovski}, Evgeni and {Peterson}, Pearu
         and {Weckesser}, Warren and {Bright}, Jonathan and {van der Walt},
         St{\'e}fan J.  and {Brett}, Matthew and {Wilson}, Joshua and
         {Jarrod Millman}, K.  and {Mayorov}, Nikolay and {Nelson}, Andrew
         R.~J. and {Jones}, Eric and {Kern}, Robert and {Larson}, Eric and
         {Carey}, CJ and {Polat}, {\.I}lhan and {Feng}, Yu and {Moore},
         Eric W. and {Vand erPlas}, Jake and {Laxalde}, Denis and
         {Perktold}, Josef and {Cimrman}, Robert and {Henriksen}, Ian and
         {Quintero}, E.~A. and {Harris}, Charles R and {Archibald}, Anne M.
         and {Ribeiro}, Ant{\^o}nio H. and {Pedregosa}, Fabian and
         {van Mulbregt}, Paul and {Contributors}, SciPy 1. 0},
        title = "{SciPy 1.0: Fundamental Algorithms for Scientific
                  Computing in Python}",
      journal = {Nature Methods},
      year = "2020",
      volume={17},
      pages={261--272},
      adsurl = {https://rdcu.be/b08Wh},
      doi = {https://doi.org/10.1038/s41592-019-0686-2},
}

@article{lamy2017owlready,
  title={Owlready: Ontology-oriented programming in Python with automatic classification and high level constructs for biomedical ontologies},
  author={Lamy, Jean-Baptiste},
  journal={Artificial intelligence in medicine},
  volume={80},
  pages={11--28},
  year={2017},
  publisher={Elsevier}
}

@book{python3,
 author = {Van Rossum, Guido and Drake, Fred L.},
 title = {Python 3 Reference Manual},
 year = {2009},
 isbn = {1441412697},
 publisher = {CreateSpace},
 address = {Scotts Valley, CA}
}

@book{swiglpk,
 author = {Nikolaus Sonnenschein},
 title = {swiglpk - Simple swig bindings for the GNU Linear Programming Kit},
 URL = {https://pypi.org/project/swiglpk/}
}

@article{numpy,
  author = {Walt,Stéfan van der  and Colbert,S. Chris  and Varoquaux,Gaël },
  title = {The NumPy Array: A Structure for Efficient Numerical Computation},
  journal = {Computing in Science \& Engineering},
  volume = {13},
  number = {2},
  pages = {22-30},
  year = {2011},
  doi = {10.1109/MCSE.2011.37},
  URL = { https://aip.scitation.org/doi/abs/10.1109/MCSE.2011.37},
  eprint = {https://aip.scitation.org/doi/pdf/10.1109/MCSE.2011.37}
}

@inproceedings{cheeseman1991really,
  title={Where the Really Hard Problems Are.},
  author={Cheeseman, Peter C and Kanefsky, Bob and Taylor, William M}
}

@book{boyd2004convex,
  title={Convex optimization},
  author={Boyd, Stephen and Boyd, Stephen P and Vandenberghe, Lieven},
  year={2004},
  publisher={Cambridge university press}
}

@article{owl2,
  title={OWL 2 web ontology language primer},
  author={Hitzler, Pascal and Kr{\"o}tzsch, Markus and Parsia, Bijan and Patel-Schneider, Peter F and Rudolph, Sebastian and others},
  journal={W3C recommendation},
  volume={27},
  number={1},
  pages={123},
  year={2009},
  publisher={World Wide Web Consortium (W3C)}
}

@article{krotzsch2012description,
  title={A description logic primer},
  author={Kr{\"o}tzsch, Markus and Simancik, Frantisek and Horrocks, Ian},
  journal={arXiv preprint arXiv:1201.4089},
  year={2012}
}

@article{gilmore1963linear,
  title={A linear programming approach to the cutting stock problem—Part II},
  author={Gilmore, Paul C and Gomory, Ralph E},
  journal={Operations research},
  volume={11},
  number={6},
  pages={863--888},
  year={1963},
  publisher={INFORMS}
}

@article{gilmore1961linear,
  title={A linear programming approach to the cutting-stock problem},
  author={Gilmore, Paul C and Gomory, Ralph E},
  journal={Operations research},
  volume={9},
  number={6},
  pages={849--859},
  year={1961},
  publisher={INFORMS}
}

@article{makhorin2001gnu,
  title={GNU linear programming kit},
  author={Makhorin, Andrew},
  journal={Moscow Aviation Institute, Moscow, Russia},
  volume={38},
  year={2001}
}

@book{borgwardt2012simplex,
  title={The Simplex Method: a probabilistic analysis},
  author={Borgwardt, Karl Heinz},
  volume={1},
  year={2012},
  publisher={Springer Science \& Business Media}
}

@article{klee1972good,
  title={How good is the simplex algorithm},
  author={Klee, Victor and Minty, George J},
  journal={Inequalities},
  volume={3},
  number={3},
  pages={159--175},
  year={1972},
  publisher={New York}
}

@book{cormen2009introduction,
  title={Introduction to algorithms},
  author={Cormen, Thomas H and Leiserson, Charles E and Rivest, Ronald L and Stein, Clifford},
  year={2009},
  publisher={MIT press}
}

@article{ford1962flows,
  title={Flows in networks},
  author={Ford, LR and Fulkerson, DR},
  year={1962},
  publisher={Princeton Univ. Press}
}

@article{mehrotra1992implementation,
  title={On the implementation of a primal-dual interior point method},
  author={Mehrotra, Sanjay},
  journal={SIAM Journal on optimization},
  volume={2},
  number={4},
  pages={575--601},
  year={1992},
  publisher={SIAM}
}

@inproceedings{teixeira2012complexity,
  title={On the complexity of a mehrotra-type predictor-corrector algorithm},
  author={Teixeira, Ana Paula and Almeida, Regina},
  booktitle={International Conference on Computational Science and Its Applications},
  pages={17--29},
  year={2012},
  organization={Springer}
}

@article{salahi2008mehrotra,
  title={On Mehrotra-type predictor-corrector algorithms},
  author={Salahi, Maziar and Peng, Jiming and Terlaky, Tam{\'a}s},
  journal={SIAM Journal on Optimization},
  volume={18},
  number={4},
  pages={1377--1397},
  year={2008},
  publisher={SIAM}
}

@article{zhang1995polynomiality,
  title={On polynomiality of the Mehrotra-type predictor—corrector interior-point algorithms},
  author={Zhang, Yin and Zhang, Detong},
  journal={Mathematical Programming},
  volume={68},
  number={1-3},
  pages={303--318},
  year={1995},
  publisher={Springer}
}

@article{goldfarb1989chapter,
  title={Chapter ii linear programming},
  author={Goldfarb, Donald and Todd, Michael J},
  journal={Handbooks in operations research and management science},
  volume={1},
  pages={73--170},
  year={1989},
  publisher={Elsevier}
}

@inproceedings{cheeseman1991really,
  title={Where the Really Hard Problems Are.},
  author={Cheeseman, Peter C and Kanefsky, Bob and Taylor, William M}
}

@article{finger2015probabilistic,
  title={Probabilistic satisfiability: algorithms with the presence and absence of a phase transition},
  author={Finger, Marcelo and De Bona, Glauber},
  journal={Annals of Mathematics and Artificial Intelligence},
  volume={75},
  number={3-4},
  pages={351--389},
  year={2015},
  publisher={Springer}
}

@article{levenberg1944method,
  title={A method for the solution of certain non-linear problems in least squares},
  author={Levenberg, Kenneth},
  journal={Quarterly of applied mathematics},
  volume={2},
  number={2},
  pages={164--168},
  year={1944}
}

@article{marquardt1963algorithm,
  title={An algorithm for least-squares estimation of nonlinear parameters},
  author={Marquardt, Donald W},
  journal={Journal of the society for Industrial and Applied Mathematics},
  volume={11},
  number={2},
  pages={431--441},
  year={1963},
  publisher={SIAM}
}

@InProceedings{damato_prob_dl_lite_2008,
author="d'Amato, Claudia
and Fanizzi, Nicola
and Lukasiewicz, Thomas",
editor="Greco, Sergio
and Lukasiewicz, Thomas",
title="Tractable Reasoning with Bayesian Description Logics",
booktitle="Scalable Uncertainty Management",
year="2008",
publisher="Springer Berlin Heidelberg",
address="Berlin, Heidelberg",
pages="146--159",
abstract="The DL-Lite family of tractable description logics lies between the semantic web languages RDFS and OWL Lite. In this paper, we present a probabilistic generalization of the DL-Lite description logics, which is based on Bayesian networks. As an important feature, the new probabilistic description logics allow for flexibly combining terminological and assertional pieces of probabilistic knowledge. We show that the new probabilistic description logics are rich enough to properly extend both the DL-Lite description logics as well as Bayesian networks. We also show that satisfiability checking and query processing in the new probabilistic description logics is reducible to satisfiability checking and query processing in the DL-Lite family. Furthermore, we show that satisfiability checking and answering unions of conjunctive queries in the new logics can be done in LogSpace in the data complexity. For this reason, the new probabilistic description logics are very promising formalisms for data-intensive applications in the Semantic Web involving probabilistic uncertainty.",
isbn="978-3-540-87993-0"
}

@article{gottlob2013query,
  title={Query answering under probabilistic uncertainty in Datalog+/- ontologies},
  author={Gottlob, Georg and Lukasiewicz, Thomas and Martinez, Maria Vanina and Simari, Gerardo I},
  journal={Annals of Mathematics and Artificial Intelligence},
  volume={69},
  number={1},
  pages={37--72},
  year={2013},
  publisher={Springer}
}

@article{richardson2006markov,
  title={Markov logic networks},
  author={Richardson, Matthew and Domingos, Pedro},
  journal={Machine learning},
  volume={62},
  number={1-2},
  pages={107--136},
  year={2006},
  publisher={Springer}
}

@inproceedings{ceylan_datalog_compl_2016,
author = {Ceylan, undefinedsmail undefinedlkan and Lukasiewicz, Thomas and Pe\~{n}aloza, Rafael},
title = {Complexity Results for Probabilistic Datalog<sup>±</sup>},
year = {2016},
isbn = {9781614996712},
publisher = {IOS Press},
address = {NLD},
url = {https://doi.org/10.3233/978-1-61499-672-9-1414},
doi = {10.3233/978-1-61499-672-9-1414},
abstract = {We study the query evaluation problem in probabilistic databases in the presence of probabilistic existential rules. Our focus is on the Datalog± family of languages for which we define the probabilistic counterpart using a flexible and compact encoding of probabilities. This formalism can be viewed as a generalization of probabilistic databases, as it allows to generate new facts from the given ones, using so-called tuple-generating dependencies, or existential rules. We study the computational cost of this additional expressiveness under two different semantics. First, we use a conventional approach and assume that the probabilistic knowledge base is consistent and employ the standard possible world semantics. Thereafter, we introduce a probabilistic inconsistency-tolerant semantics, which we call inconsistency-tolerant possible world semantics. For both of these cases, we provide a thorough complexity analysis relative to different languages, drawing a complete picture of the complexity of probabilistic query answering in this family.},
booktitle = {Proceedings of the Twenty-Second European Conference on Artificial Intelligence},
pages = {1414–1422},
numpages = {9},
location = {The Hague, The Netherlands},
series = {ECAI'16}
}

@article{Domingos_Webb_2012, title={A Tractable First-Order Probabilistic Logic}, volume={26}, url={https://ojs.aaai.org/index.php/AAAI/article/view/8398}, abstractNote={ &lt;p&gt; Tractable subsets of first-order logic are a central topic in AI research. Several of these formalisms have been used as the basis for first-order probabilistic languages. However, these are intractable, losing the original motivation. Here we propose the first non-trivially tractable first-order probabilistic language. It is a subset of Markov logic, and uses probabilistic class and part hierarchies to control complexity. We call it TML (Tractable Markov Logic). We show that TML knowledge bases allow for efficient inference even when the corresponding graphical models have very high treewidth. We also show how probabilistic inheritance, default reasoning, and other inference patterns can be carried out in TML. TML opens up the prospect of efficient large-scale first-order probabilistic inference. &lt;/p&gt; }, number={1}, journal={Proceedings of the AAAI Conference on Artificial Intelligence}, author={Domingos, Pedro and Webb, William}, year={2012}, month={Jul.} }

@inproceedings{webb2013tractable,
  title={Tractable probabilistic knowledge bases with existence uncertainty},
  author={Webb, W Austin and Domingos, Pedro},
  booktitle={Workshops at the Twenty-Seventh AAAI Conference on Artificial Intelligence},
  year={2013}
}